@Book{weber86,
  author = 	 "Weber, E.",
  title = 	 "Grundri{\ss} der biologischen Statistik",
  publisher = 	 "VEB Gustav Fischer, Jena",
  year = 	 "1986"
}


@Book{bruning77,
  author = 	 "Bruning, J. L. AND  Kintz, B. L",
  title = 	 "Computational Handbook of Statistics",
  publisher = 	 " Scott, Foresman and Company, Glennview, Illinois, USA",
  year = 	 "1977"
}


@Book{mueller85,
  author = 	 "M{\"u}ller, G. W. AND Kick, T.",
  title = 	 "BASIC Programme f{\"u}r die angewandte Statistik",
  publisher = 	 "Oldenbourg Verlag, M{\"u}nchen",
  year = 	 "1985"
}


@Book{sachs92,
  author = 	 "Sachs, L.",
  title = 	 "Angewandte Statistik",
  publisher = 	 "Springer",
  year = 	 "1992",
  edition = 	 "7."
}

@Book{hartung86,
  author = 	 "Hartung, J. and Elpelt, B. and Kl{\"o}sener, K.-H.",
  title = 	 "Statistik. Lehr- und Handbuch der angewandten Statistik",
  publisher = 	 "R. Oldenbourg Verlag, M{\"u}nchen, Wien",
  year = 	 1986,
  edition =	 "5."
}

@Book{hartung86a,
  author = 	 "Hartung, J. and Elpelt, B. and Kl{\"o}sener, K.-H.",
  title = 	 "Multivariate Statistik. Lehr- und Handbuch der
		  angewandten Statistik", 
  publisher = 	 "R. Oldenbourg Verlag, M{\"u}nchen, Wien",
  year = 	 1986,
  edition =	 "2."
}
		  
@Book{unkelbach85,
  author = 	 "Unkelbach, H. D. AND Wolf, T.",
  title = 	 "{Qualitative Do\-sis--Wir\-kungs--Ana\-ly\-sen}",
  publisher = 	 "Fischer Verlag, Suttgart, New York",
  year = 	 1985,
  annote =       "ub: N:VNT/Unk"		  
}

@Article{berkson44,
  author = 	 "Berkson, J.",
  title = 	 "Application of the logistic function to
                  bioassay.",
  journal = 	 "J. Amer.\ Statist.\ Ass.",
  year = 	 1944,
  volume =	 39,
  pages =	 "375--365",
  annote =	 "Zitiert in Unkelbach 85"
}

@Manual{kolosova95,
  title = 	 "C source code for the K-S test",
  author =	 "Tanya, Kolosova AND Samuel, Berestizhevsky",
  organization = "Applied Statistics and Systems Consultants",
  address =	 "P. O. Box 1169, Nazerath-Ellit 17100, Israel",
  year =	 1995,
  annote =	 "contact via statistics newsgroup"
}

@Book{neave88,
  author = 	 "Neave, H. R. AND Worthington, P. L. B.",
  title = 	 "Distribution-Free Tests",
  publisher = 	 "Unwin Hyman, London",
  year = 	 1988
}

@Article{kerr96,
  author = 	 "Kerr, D. R. AND Meador, J. P.",
  title = 	 "Modeling dose response using generalized linear models",
  journal =	 "Environ.\ Toxicol.\ Chem.",
  year =	 1996,
  volume =	 15,
  number =	 3,
  pages =	 "395--401",
  annote =	 "vo"
}

@Book{deichsel85,
  author = 	 "Deichsel, G. AND Trampisch, H. J.",
  title = 	 "Clusteranalyse und disDiskriminanzanalyse",
  series =	 "Reihe Biometrie",
  publisher =	 "Gustav-Fischer-Verl., Stuttgart, New York",
  year =	 1985
}

@Article{bliss35,
  author = 	 "Bliss, C. I.",
  title = 	 "Calculation of the dosage-mortality curve",
  journal =	 "Ann.\ Appl.\ Biol.",
  year =	 1935,
  volume =       22,		  
  pages =	 "134--176",
  annote =	 "zitiert in WEBER (1986)"
}
		  
@Manual{sas89,
  key = "SAS",		  
  title = "SAS Users's Guide: Statistics",
  organization = "SAS Institute Inc.",
  address = "Cary, N. C, USA",
  edition = 5,		  
  year =   1989
}		  
		  
@Manual{splus93,
  key = "S-Plus",
  title = "{S-Plus} Guide to Statistical and Mathematical Analysis",
  note =  "Version 3.2", 
  organization = "StatSci, a division of MathSoft, Inc",
  address = "Seattle, USA",
  year =   1993
}		  
		  

@Article{wold91,
  author = 	 "Wold, S.",
  title = 	 "Validation of {QSARs}",
  journal =	 "Quant. Struct.-Act. Relat.",
  year =	 "1991",
  volume =	 "10",
  pages =	 "191--193",
  annote =	 "vo;  thema: cross-validation"
}		  
		  
@InCollection{wold95,
  author = 	 "Wold, S. AND Eriksson, L.",
  title = 	 "Validation tools",
  booktitle =	 "Chemometric Methods in Molecular Design",
  publisher =	 "VCH, Weinheim",
  year =	 "1995",
  editor =	 "Waterbeemt, H. van de",
  series =       "Methods and Principles in Medicinal Chemistry",
  volume =       "2",
  pages =	 "309--318",
  annote =	 "vo; thema: cross-validation, permutation von
		  y-vektor"
}

@Manual{statist97,
  title = "Dokumentation zum Statistikprogramm `statist'",
  note =  "URL: http://www.usf.Uni-Osnabrueck.de/{\verb|~|}
           dmelcher/statist.html",
  author = "Melcher, D.",
  address = "Institut f{\"u}r Umweltsystemforschung, Universit{\"a}t
                  Osnabr{\"u}ck, D-49069 Osnabr{\"u}ck",
  year =   1997
}		  
